% dito
% Diplomarbeit HTL-Grieskirchen
% Schuljahr 2008/09 
%
% references.bib
% Autoren: Sebastian Strasser, Stefan Murauer

	@misc{ cc:licence,
   	author = "{Creative Commons}",
   	title = "Namensnennung-Keine Bearbeitung 3.0 Unported",
   	year = "2009",
   	note = "Online im Internet: URL: {\footnotesize\url{http://creativecommons.org/licenses/by-nd/3.0/deed.de}} [Stand 19.04.2009]"
 	} 
	
	@misc{ wiki:nsis,
   	author = "Wikipedia",
   	title = "Nullsoft Scriptable Install System",
   	year = "2009",
   	note = "Online im Internet: URL: {\footnotesize\url{http://de.wikipedia.org/w/index.php?title=Nullsoft_Scriptable_Install_System&oldid=56405737}} [Stand 07.03.2009]"
 	} 
 
 	@misc{ wiki:C-Sharp,
 		author = "Wikipedia",
 		title = "C-Sharp",
 		year = "2009",
 		note = "Online im Internet: URL: {\footnotesize\url{http://de.wikipedia.org/w/index.php?title=C-Sharp&oldid=57492832}} [Stand 05.03.2009]"	
 	}
 	
 	@misc{ code:licence,
 		author = "{The Code Project}",
 		title = "The Code Project Open License (CPOL)",
 		year = "2008",
 		note = "Online im Internet: URL: {\footnotesize\url{http://www.codeproject.com/info/cpol10.aspx}} [Stand 12.04.2009]"	
 	}
 	
 	 	@misc{ ertan:dayview,
 		author = "Ertan Tike",
 		title = "Calendar DayView Control",
 		year = "2006",
 		note = "Online im Internet: URL: {\footnotesize\url{http://www.codeproject.com/KB/selection/Calendardayview.aspx}} [Stand 12.04.2009]"	
 	}
 	
 	@misc{ wiki:iso,
 		author = "Wikipedia",
 		title = "ISO 8601",
 		year = "2009",
 		note = "Online im Internet: URL: {\footnotesize\url{http://de.wikipedia.org/w/index.php?title=ISO_8601&oldid=58284974}} [Stand 24.03.2009]"	
 	}
 	
 	@misc{ oea:pickerl,
 		author = "OEAMTC",
 		title = "Die ยง57a-Begutachtung (Pickerl)",
 		year = "2009",
 		note = "Online im Internet: URL: {\footnotesize\url{http://www.oeamtc.at/netautor/pages/resshp/anwendg/1001530.html}} [Stand 23.03.2009]"	
 	}
 	
 	@misc{ wiki:latex,
 		author = "Wikipedia",
 		title = "LaTeX",
 		year = "2009",
 		note = "Online im Internet: URL: {\footnotesize\url{http://de.wikipedia.org/w/index.php?title=LaTeX&oldid=57838007}} [Stand 13.03.2009]"	
 	}
 	
 	 	@misc{ wiki:miktex,
 		author = "Wikipedia",
 		title = "MiKTeX",
 		year = "2009",
 		note = "Online im Internet: URL: {\footnotesize\url{http://de.wikipedia.org/w/index.php?title=MiKTeX&oldid=56218181}} [Stand 03.02.2009]"	
 	}
 	
 	@misc{ wiki:texnic,
 		author = "Wikipedia",
 		title = "TeXnicCenter",
 		year = "2009",
 		note = "Online im Internet: URL: {\footnotesize\url{http://de.wikipedia.org/w/index.php?title=TeXnicCenter&oldid=57804392}} [Stand 12.03.2009]"	
 	}
 	
 	@misc{ ms:mssqlstudio,
 		author = "{Microsoft Corporation}",
 		title = "SQL Server Management Studio Express",
 		year = "2009",
 		note = "Online im Internet: URL: {\footnotesize\url{http://msdn.microsoft.com/de-de/library/ms365247.aspx}} [Stand 14.03.2009]"	
 	} 
 	
 	@misc{ ms:ntb,
 		author = "{Microsoft Corporation}",
 		title = "How to: Create a Numeric Text Box",
 		year = "2009",
 		note = "Online im Internet: URL: {\footnotesize\url{http://msdn.microsoft.com/en-us/library/ms229644.aspx}} [Stand 14.04.2009]"	
 	} 
 	
 	@misc{ ms:settings,
 		author = "{Microsoft Corporation}",
 		title = "Using Settings in C\#",
 		year = "2009",
 		note = "Online im Internet: URL: {\footnotesize\url{http://msdn.microsoft.com/en-us/library/aa730869(VS.80).aspx}} [Stand 14.04.2009]"	
 	} 
 	
 	@misc{ un:unfuddle,
 		author = "{Unfuddle LLC}",
 		title = "Exactly what you need: The 30 Second Tour",
 		year = "2009",
 		note = "Online im Internet: URL: {\footnotesize\url{http://unfuddle.com/about/tour}} [Stand 14.03.2009]"
 	}
 	 	
 	@misc{ an:ankh,
 		author = "{CollabNet Corporation}",
 		title = "AnkhSVN",
 		year = "2009",
 		note = "Online im Internet: URL: {\footnotesize\url{http://ankhsvn.open.collab.net/}} [Stand 14.03.2009]"	
 	}	 
 	
 	@misc{ ti:tortoise,
 		author = "{CollabNet Corporation}",
 		title = "TortoiseSVN",
 		year = "2009",
 		note = "Online im Internet: URL: {\footnotesize\url{http://tortoisesvn.tigris.org/}} [Stand 14.03.2009]"
 	}
 	
 	@misc{ wiki:mssql,
 		author = "Wikipedia",
 		title = "Microsoft SQL Server",
 		year = "2009",
 		note = "Online im Internet: URL: {\footnotesize\url{http://de.wikipedia.org/w/index.php?title=Microsoft_SQL_Server&oldid=56789149}} [Stand 17.02.2009]"
 	} 
 	
 	@misc{ wiki:subversion,
 		author = "Wikipedia",
 		title = "Subversion (Software)",
 		year = "2009",
 		note = "Online im Internet: URL: {\footnotesize\url{http://de.wikipedia.org/w/index.php?title=Subversion_(Software)&oldid=57648225}} [Stand 09.03.2009]"
 	}

 	@misc{ wiki:.net,
   author = "Wikipedia",
   title = ".NET",
   year = "2009",
   note = "Online im Internet: URL: {\footnotesize\url{http://de.wikipedia.org/w/index.php?title=.NET&oldid=57591243}} [Stand 08.03.2009]"
 	}
 	 
 	@misc{ wiki:mantis,
 		author = "Wikipedia",
 		title = "Mantis",
 		year = "2009",
 		note = "Online im Internet: URL: {\footnotesize\url{http://de.wikipedia.org/w/index.php?title=Mantis&oldid=57532782}} [Stand 07.03.2009]"
 	}

 	@misc{ wiki:itext,
 	  author = "Wikipedia",
  	title = "IText",
  	year = "2009",
  	note = "Online im Internet: URL: {\footnotesize\url{http://de.wikipedia.org/w/index.php?title=IText&oldid=55283153}} [Stand 07.03.2009]"
 	}
 	 	
 	@misc{ sf:hmnisedit,
 	  author = "Rodriguez Segura, Hector Mauricio ",
  	title = "HM NIS Edit. A Free NSIS Editor/IDE",
  	year = "2005",
  	note = "Online im Internet: URL: {\footnotesize\url{http://hmne.sourceforge.net}} [Stand 07.03.2009]"
 	}
 	
 	@misc{ wiki:visual,
 		author = "Wikipedia",
 		title = "Microsoft Visual Studio",
 		year = "2009",
 		note = "Online im Internet: URL: {\footnotesize\url{http://de.wikipedia.org/w/index.php?title=Microsoft_Visual_Studio&oldid=56921878}} [Stand 20.02.2009]"
 	}
 	
 	@misc{ sql:backup,
 		author = "{Edgewood Solutions Engineers}",
 		title = "Scheduling Backups for SQL Server 2005 Express",
 		year = "2007",
 		note = "Online im Internet: URL: {\footnotesize\url{http://www.mssqltips.com/tip.asp?tip=1174}} [Stand 10.04.2009]"
 	}

%
% EoF
%