@misc{ wpf,
   	author = "{Wikipedia}",
   	title  = "Windows Presentation Foundationl",
   	year   = "2012",
   	note   = "Online im Internet:\\http://de.wikipedia.org/wiki/Windows\_Presentation\_Foundationl [Stand 08.03.2012]"
}

@misc{ mvvm,
   	author = "{Wikipedia}",
   	title  = "Model View Viewmodel",
   	year   = "2012",
   	note   = "Online im Internet: \\http://de.wikipedia.org/wiki/Model\_View\_ViewModel [Stand 08.03.2012]"
}

@misc{ csharp,
   	author = "{Wikipedia}",
   	title  = "C-Sharp",
   	year   = "2012",
   	note   = "Online im Internet: \\http://de.wikipedia.org/wiki/Csharp [Stand 08.05.2012]"
}

@misc{ dotnetwiki,
   	author = "{Wikipedia}",
   	title  = ".NET",
   	year   = "2012",
   	note   = "Online im Internet: \\http://de.wikipedia.org/wiki/.NET [Stand 13.04.2012]"
}

@misc{ dotnetalternative,
   	author = "{Workshop.ch}",
   	title  = "Freie Alternativen zu .Net",
   	year   = "2012",
   	note   = "Online im Internet: \\http://www.workshop.ch/openmind/2009/02/12/mono-und-moonlight-freie-alternativen-zu-net-und-silverlight/ [Stand 08.05.2012]"
}

@misc{ expressionblend,
   	author = "{Microsoft}",
   	title  = "Expression 4 Studio Ultimate Überblick",
   	year   = "2012",
   	note   = "Online im Internet: \\http://www.microsoft.com/germany/expression/products/StudioUltimate\_Overview.aspx/ [Stand 01.05.2012]"
}

@misc{ googlecode,
   	author = "{Google}",
   	title  = "Getting Started",
   	year   = "2012",
   	note   = "Online im Internet: \\http://code.google.com/p/support/wiki/GettingStarted\#Getting\_Started [Stand 19.04.2012]"
}

@misc{ googledocs,
   	author = "{Wikipedia}",
   	title  = "Google Docs",
   	year   = "2012",
   	note   = "Online im Internet: \\http://de.wikipedia.org/wiki/Google\_Docs [Stand 25.04.2012]"
}

@misc{ sketchupchip,
   	author = "{Chip.de}",
   	title  = "Google SketchUp",
   	year   = "2012",
   	note   = "Online im Internet: \\http://www.chip.de/downloads/Google-SketchUp\_19028747.html [Stand 09.05.2012]"
}

@misc{ sketchupwiki,
   	author = "{Wikipedia}",
   	title  = "Google SketchUp",
   	year   = "2012",
   	note   = "Online im Internet: \\http://de.wikipedia.org/wiki/Google\_Sketchup [Stand 09.05.2012]"
}

@misc{ helpndoc,
   	author = "{IBE Software}",
   	title  = "HelpNDoc",
   	year   = "2012",
   	note   = "Online im Internet: \\http://www.helpndoc.com/ [Stand 09.05.2012]"
}

@misc{ codesys,
   	author = "{3S Software}",
   	title  = "CoDeSys Einführung",
   	year   = "2012",
   	note   = "Online im Internet: \\http://www.3s-software.com/index.shtml?de\_homepage [Stand 01.05.2012]"
}

@misc{ latexpfort,
   	author = "{FH Pfortsheim}",
   	title  = "Was ist Latex?",
   	year   = "2012",
   	note   = "Online im Internet: \\http://automatisierungstechnik.fh-pforzheim.de/index.php?id=348 [Stand 20.03.2012]"
}

@misc{ latex,
   	author = "{Wikipedia}",
   	title  = "LaTeX",
   	year   = "2012",
   	note   = "Online im Internet: \\http://de.wikipedia.org/wiki/LaTeX [Stand 20.03.2012]"
}

@misc{ latexgraz,
   	author = "{TU Graz}",
   	title  = "Latex - Warum?",
   	year   = "2012",
   	note   = "Online im Internet: \\http://latex.tugraz.at/latex/warum [Stand 09.05.2012]"
}

@misc{ micromicro,
   	author = "{Microsoft}",
   	title  = ".NET Micro Framework",
   	year   = "2012",
   	note   = "Online im Internet: \\http://www.microsoft.com/en-us/netmf/default.aspx [Stand 25.04.2012]"
}

@misc{ microwiki,
   	author = "{Wikipedia}",
   	title  = ".NET Micro Framework",
   	year   = "2012",
   	note   = "Online im Internet: \\http://de.wikipedia.org/wiki/.NET\_Micro\_Framework [Stand 25.04.2012]"
}

@misc{ scrum,
   	author = "{Wikipedia}",
   	title  = "Scrum",
   	year   = "2012",
   	note   = "Online im Internet: \\http://de.wikipedia.org/wiki/Scrum [Stand 01.05.2012]"
}

@misc{ git,
   	author = "{Wikipedia}",
   	title  = "GIT",
   	year   = "2012",
   	note   = "Online im Internet: \\http://de.wikipedia.org/wiki/Scrum [Stand 25.04.2012]"
}

@misc{ tfs,
   	author = "{Wikipedia}",
   	title  = "Team Foundation Server",
   	year   = "2012",
   	note   = "Online im Internet: \\http://de.wikipedia.org/wiki/Team\_Foundation\_Server [Stand 25.04.2012]"
}

@misc{ tsvn,
   	author = "{Wikipedia}",
   	title  = "TortoiseSVS",
   	year   = "2012",
   	note   = "Online im Internet: \\http://de.wikipedia.org/wiki/TortoiseSVN [Stand 25.04.2012]"
}

@misc{ apache,
   	author = "{Wikipedia}",
   	title  = "Apache Subversion",
   	year   = "2012",
   	note   = "Online im Internet: \\http://de.wikipedia.org/wiki/Apache\_Subversion [Stand 25.04.2012]"
}

@misc{ vs,
   	author = "{Wikipedia}",
   	title  = "Microsoft Visual Studio",
   	year   = "2012",
   	note   = "Online im Internet: \\http://de.wikipedia.org/wiki/Microsoft\_Visual\_Studio [Stand 30.04.2012]"
}











 
